<?xml version='1.0' encoding='UTF-8'?>
<record xmlns="http://www.loc.gov/MARC21/slim">
  <leader>01366cam a2200349 a 4500</leader>
  <controlfield tag="001">1111323</controlfield>
  <controlfield tag="003">NjP</controlfield>
  <controlfield tag="005">20170518131811.0</controlfield>
  <controlfield tag="008">970121s1987    ir a     e    000 0 ara d</controlfield>
  <datafield tag="024" ind1="7" ind2=" ">
    <subfield code="a">princeton_aco002734</subfield>
    <subfield code="2">local</subfield>
  </datafield>
  <datafield ind1=" " ind2=" " tag="035">
    <subfield code="a">(OCoLC)ocn176512952</subfield>
  </datafield>
  <datafield ind1=" " ind2=" " tag="040">
    <subfield code="a">NjP</subfield>
    <subfield code="c">PUL</subfield>
    <subfield code="d">PUL</subfield>
  </datafield>
  <datafield ind1=" " ind2=" " tag="035">
    <subfield code="a">(OCoLC)176512952</subfield>
  </datafield>
  <datafield ind1=" " ind2=" " tag="035">
    <subfield code="a">(CStRLIN)NJPG97-B3994</subfield>
  </datafield>
  <datafield ind1=" " ind2=" " tag="035">
    <subfield code="9">CCK5420TS</subfield>
  </datafield>
  <datafield ind1=" " ind2=" " tag="035">
    <subfield code="a">(NjP)1111323</subfield>
  </datafield>
  <datafield ind1=" " ind2=" " tag="079">
    <subfield code="a">ocm36301791</subfield>
  </datafield>
  <datafield ind1=" " ind2=" " tag="049">
    <subfield code="a">PULL</subfield>
  </datafield>
  <datafield ind1="0" ind2="0" tag="245">
    <subfield code="6">880-01</subfield>
    <subfield code="a">Dāʼirat maʻārif al-Qurʼān al-karīm /</subfield>
    <subfield code="c">iʻdād Ḥasan al-Saʻīd.</subfield>
  </datafield>
  <datafield ind1=" " ind2=" " tag="250">
    <subfield code="6">880-02</subfield>
    <subfield code="a">al-Ṭabʻah 1.</subfield>
  </datafield>
  <datafield ind1=" " ind2=" " tag="260">
    <subfield code="6">880-03</subfield>
    <subfield code="a">[Tehran] :</subfield>
    <subfield code="b">Madrasat Chahal Satwan wa-Maktabatuhā al-ʻĀmm, Masjid Jāmiʻ Ṭihrān,</subfield>
    <subfield code="c">1608 [i.e. 1987 or 1988]</subfield>
  </datafield>
  <datafield ind1=" " ind2=" " tag="300">
    <subfield code="a">96, 64, 48 p. :</subfield>
    <subfield code="b">ill. ;</subfield>
    <subfield code="c">24 cm.</subfield>
  </datafield>
  <datafield ind1=" " ind2=" " tag="504">
    <subfield code="a">Includes bibliographical references.</subfield>
  </datafield>
  <datafield ind1="0" ind2="0" tag="630">
    <subfield code="a">Qurʼan</subfield>
    <subfield code="x">Encyclopedias.</subfield>
  </datafield>
  <datafield ind1="1" ind2=" " tag="700">
    <subfield code="6">880-04</subfield>
    <subfield code="a">Saʻīd, Ḥasan.</subfield>
  </datafield>
  <datafield ind1="0" ind2="0" tag="880">
    <subfield code="6">245-01/r</subfield>
    <subfield code="a">دائرة معارف القرآن الكريم /</subfield>
    <subfield code="c">اعداد حسن السعيد.</subfield>
  </datafield>
  <datafield ind1=" " ind2=" " tag="880">
    <subfield code="6">250-02/r</subfield>
    <subfield code="a">الطبعة 1.</subfield>
  </datafield>
  <datafield ind1=" " ind2=" " tag="880">
    <subfield code="6">260-03/r</subfield>
    <subfield code="a">[طهران] :</subfield>
    <subfield code="b">مدرسة چهل ستون ومكتبتها العام، مسجد جامع طهران،</subfield>
    <subfield code="c">1608 [i.e. 1987 or 1988]</subfield>
  </datafield>
  <datafield ind1="1" ind2=" " tag="880">
    <subfield code="6">700-04/r</subfield>
    <subfield code="a">سعيد، حسن.</subfield>
  </datafield>
  <datafield ind1=" " ind2=" " tag="998">
    <subfield code="a">01/21/97</subfield>
    <subfield code="s">9114</subfield>
    <subfield code="n">NjP</subfield>
    <subfield code="d">01/21/97</subfield>
    <subfield code="c">JEB</subfield>
    <subfield code="b">JEB</subfield>
    <subfield code="i">970121</subfield>
    <subfield code="l">NJPG</subfield>
  </datafield>
  <datafield ind1=" " ind2=" " tag="911">
    <subfield code="a">19970130</subfield>
  </datafield>
  <datafield ind1=" " ind2=" " tag="912">
    <subfield code="a">19970121000000.0</subfield>
  </datafield>
  <datafield ind1=" " ind2=" " tag="994">
    <subfield code="a">C0</subfield>
    <subfield code="b">PUL</subfield>
  </datafield>
  <datafield ind1=" " ind2=" " tag="999">
    <subfield code="a">1111323</subfield>
  </datafield>
  <datafield ind1="0" ind2="0" tag="852">
    <subfield code="0">1276366</subfield>
    <subfield code="b">rcppa</subfield>
    <subfield code="t">1</subfield>
    <subfield code="h">BP133</subfield>
    <subfield code="i">.D347 1987</subfield>
    <subfield code="x">tr fr arab</subfield>
  </datafield>
  <datafield ind1=" " ind2=" " tag="959">
    <subfield code="a">2000-06-13 00:00:00 -0500</subfield>
  </datafield>
</record>
